@misc{OpenGL,
Title = {OpenGL},
HowPublished = {\url{https://www.opengl.org/about/}},
Url = {https://www.opengl.org/about/},
Urldate = {6.9.2015},
Note = {Dostopano 6.9.2015}
}

@misc{GLSL,
Title = {GLSL},
HowPublished = {https://www.opengl.org/documentation/glsl/},
Url = {https://www.opengl.org/documentation/glsl/},
Note = {Dostopano 6.9.2015}
}

@misc{DirectX,
Title = {DirectX},
HowPublished = {\url{https://en.wikipedia.org/wiki/DirectX}},
Url = {https://en.wikipedia.org/wiki/DirectX},
Urldate = {6.9.2015},
Note = {Dostopano 6.9.2015}
}

@misc{Java,
Title = {Java},
HowPublished = {\url{https://en.wikipedia.org/wiki/Java_%28programming_language%29}},
Url = {https://en.wikipedia.org/wiki/Java_%28programming_language%29},
Urldate = {6.9.2015},
Note = {Dostopano 6.9.2015}
}

@misc{Eclipse,
Title = {Eclipse},
HowPublished = {\url{https://eclipse.org/}},
Url = {https://eclipse.org/},
Urldate = {6.9.2015},
Note = {Dostopano 6.9.2015}
}

@misc{Obj,
Title = {Object format specification},
HowPublished = {\url{http://www.martinreddy.net/gfx/3d/OBJ.spec}},
Ulr = {http://www.martinreddy.net/gfx/3d/OBJ.spec},
Note = {Dostopano 7.9.2015}	
}

@misc{Png,
Title = {PNG format specification},
HowPublished = {\url{http://www.w3.org/TR/PNG/}},
Note = {Dostopano 7.9.2015}
}

@Misc{Jpeg,
Title = {JPEG format specification},
HowPublished = {\url{http://www.w3.org/Graphics/JPEG/jfif3.pdf}},
Note = {Dostopano 7.9.2015}
}

@Misc{renderingpipelineoverview,
Title = {Rendering pipeline overview},
HowPublished = {\url{https://www.opengl.org/wiki/File:RenderingPipeline.png}},
Note = {Dostopano 7.9.2015}
}

@Article{6507589,
author={Mitrovic, U. and Spiclin, Z. and Likar, B. and Pernus, F.},
journal={Medical Imaging, IEEE Transactions on},
title = {3D-2D Registration of Cerebral Angiograms: A Method and Evaluation on Clinical Images},
year={2013},
month={August},
number={8},
pages={1550-1563},
doi={10.1109/TMI.2013.2259844},
ISSN={0278-0062}}

@ARTICLE{6507588,
author={MitrovicÃÅ, U. and Spiclin, Z. and Likar, B. and Pernus, F.},
journal={Medical Imaging, IEEE Transactions on},
title={3D-2D Registration of Cerebral Angiograms: A Method and Evaluation on Clinical Images},
year={2013},
volume={32},
number={8},
pages={1550-1563},
keywords={blood vessels;brain;catheters;diagnostic radiography;image registration;medical image processing;3D image acquisition;3D vasculature model;3D-2D image registration;catheter navigation;cerebral EIGI;cerebral angiograms;clinical image database;clinical images;endovascular image-guided interventions;fiducial markers;gold standard registration;intensity gradients;live 2D projection images;vascular anomaly;Feature extraction;Gold;Image segmentation;Robustness;Solid modeling;Standards;X-ray imaging;3D-2D registration;Cerebral angiograms;evaluation;gold standard;image-guided interventions;Cerebral Angiography;Databases, Factual;Endovascular Procedures;Fiducial Markers;Humans;Imaging, Three-Dimensional;Surgery, Computer-Assisted},
doi={10.1109/TMI.2013.2259844},
ISSN={0278-0062},
month={Aug}}
